<record><leader>00000cas a22000007a 4500</leader><controlfield tag="001">10886202</controlfield><controlfield tag="008">840626c19699999nyudr ne      0   a0eng d</controlfield><datafield ind1=" " ind2=" " tag="010"><subfield code="a">sn 84031099 </subfield></datafield><datafield ind1=" " ind2=" " tag="040"><subfield code="a">NYG</subfield><subfield code="b">eng</subfield><subfield code="c">NYG</subfield><subfield code="d">NPX</subfield><subfield code="d">NSD</subfield><subfield code="d">NYG</subfield><subfield code="d">NYS</subfield><subfield code="d">OCLCQ</subfield><subfield code="d">OCLCF</subfield><subfield code="d">OCLCO</subfield></datafield><datafield ind1=" " ind2=" " tag="012"><subfield code="j">0</subfield><subfield code="m">X</subfield></datafield><datafield ind1="1" ind2=" " tag="022"><subfield code="a">0890-0329</subfield><subfield code="l">0890-0329</subfield><subfield code="2">1</subfield></datafield><datafield ind1="1" ind2=" " tag="029"><subfield code="a">AU@</subfield><subfield code="b">000024687150</subfield></datafield><datafield ind1=" " ind2=" " tag="037"><subfield code="b">Observer-Dispatch, 221 Oriskany Plaza, Utica, NY 13501</subfield></datafield><datafield ind1=" " ind2=" " tag="042"><subfield code="a">msc</subfield><subfield code="a">nsdp</subfield></datafield><datafield ind1=" " ind2=" " tag="043"><subfield code="a">n-us-ny</subfield></datafield><datafield ind1=" " ind2="4" tag="222"><subfield code="a">The Observer-dispatch</subfield><subfield code="b">(Utica ed.)</subfield></datafield><datafield ind1="0" ind2="4" tag="245"><subfield code="a">The Observer-dispatch.</subfield></datafield><datafield ind1="3" ind2="0" tag="246"><subfield code="a">Saturday observer-dispatch and daily press</subfield></datafield><datafield ind1="3" ind2="0" tag="246"><subfield code="a">Saturday observer-dispatch &amp; daily press</subfield></datafield><datafield ind1="3" ind2="0" tag="246"><subfield code="a">Sunday observer-dispatch</subfield></datafield><datafield ind1=" " ind2=" " tag="260"><subfield code="a">Utica, N.Y. :</subfield><subfield code="b">Utica Observer-Dispatch,</subfield><subfield code="c">1969-</subfield></datafield><datafield ind1=" " ind2=" " tag="300"><subfield code="a">v. :</subfield><subfield code="b">ill.</subfield></datafield><datafield ind1=" " ind2=" " tag="310"><subfield code="a">Daily,</subfield><subfield code="b">&lt;May 20, 1986&gt;-</subfield></datafield><datafield ind1=" " ind2=" " tag="321"><subfield code="a">Daily (except holidays),</subfield><subfield code="b">Sept. 29, 1969-</subfield></datafield><datafield ind1="0" ind2=" " tag="362"><subfield code="a">Sept. 29, 1969-</subfield></datafield><datafield ind1=" " ind2=" " tag="500"><subfield code="a">Editor: Mason C. Taylor, 1969-</subfield></datafield><datafield ind1=" " ind2=" " tag="500"><subfield code="a">Publisher varies: Utica Observer-Dispatch Division of Gannett Satellite Information Network, Inc. &lt;1987&gt;-</subfield></datafield><datafield ind1=" " ind2=" " tag="500"><subfield code="a">Saturday issue called: Saturday observer-dispatch and daily press, &lt;Jan. 4&gt;-May 17, 1986; and: Saturday observer-dispatch &amp; daily press, May 14, 1986-Mar. 28, 1987.</subfield></datafield><datafield ind1=" " ind2=" " tag="500"><subfield code="a">On Sundays published as: The Sunday observer-dispatch, &lt;Sept. 1, 1974-Jan. 1, 1984&gt;.</subfield></datafield><datafield ind1=" " ind2=" " tag="530"><subfield code="a">Available on microfilm from the Micro Photo Division, Bell and Howell.</subfield></datafield><datafield ind1=" " ind2=" " tag="588"><subfield code="a">Latest issue consulted: Vol. 150, no. 331 (July 1, 1991).</subfield></datafield><datafield ind1=" " ind2="0" tag="651"><subfield code="a">Utica (N.Y.)</subfield><subfield code="v">Newspapers.</subfield></datafield><datafield ind1=" " ind2="0" tag="651"><subfield code="a">Oneida County (N.Y.)</subfield><subfield code="v">Newspapers.</subfield></datafield><datafield ind1=" " ind2="7" tag="655"><subfield code="a">Newspapers.</subfield><subfield code="2">fast</subfield><subfield code="0">(OCoLC)fst01423814</subfield></datafield><datafield ind1=" " ind2="7" tag="651"><subfield code="a">New York (State)</subfield><subfield code="z">Oneida County.</subfield><subfield code="2">fast</subfield><subfield code="0">(OCoLC)fst01209049</subfield></datafield><datafield ind1=" " ind2="7" tag="651"><subfield code="a">New York (State)</subfield><subfield code="z">Utica.</subfield><subfield code="2">fast</subfield><subfield code="0">(OCoLC)fst01207805</subfield></datafield><datafield ind1=" " ind2=" " tag="752"><subfield code="a">United States</subfield><subfield code="b">New York</subfield><subfield code="c">Oneida</subfield><subfield code="d">Utica.</subfield></datafield><datafield ind1="0" ind2="0" tag="780"><subfield code="t">Utica observer-dispatch</subfield><subfield code="w">(DLC)sn 83031900</subfield><subfield code="w">(OCoLC)10030047</subfield></datafield><datafield ind1="0" ind2="5" tag="780"><subfield code="t">Daily press (Utica, N.Y.)</subfield><subfield code="g">Mar. 1987</subfield><subfield code="w">(DLC)sn 86071761</subfield><subfield code="w">(OCoLC)6096805</subfield></datafield></record>